%YAML 1.1
%TAG !u! tag:unity3d.com,2011:
--- !u!1 &1430091062167564467
GameObject:
  m_ObjectHideFlags: 0
  m_CorrespondingSourceObject: {fileID: 0}
  m_PrefabInstance: {fileID: 0}
  m_PrefabAsset: {fileID: 0}
  serializedVersion: 6
  m_Component:
  - component: {fileID: 5149854186265790552}
  - component: {fileID: 4558038713269413820}
  - component: {fileID: 1207246780894721605}
  - component: {fileID: 4594698790879325559}
  - component: {fileID: 8654472191257119042}
  - component: {fileID: 7219382064020689048}
  m_Layer: 0
  m_Name: spearce
  m_TagString: Untagged
  m_Icon: {fileID: 0}
  m_NavMeshLayer: 0
  m_StaticEditorFlags: 0
  m_IsActive: 1
--- !u!4 &5149854186265790552
Transform:
  m_ObjectHideFlags: 0
  m_CorrespondingSourceObject: {fileID: 0}
  m_PrefabInstance: {fileID: 0}
  m_PrefabAsset: {fileID: 0}
  m_GameObject: {fileID: 1430091062167564467}
  m_LocalRotation: {x: -0.4419159, y: -0.55200577, z: -0.55200577, w: 0.4419159}
  m_LocalPosition: {x: 0, y: 0, z: 0}
  m_LocalScale: {x: 0.075937584, y: 0.7593752, z: 0.004500004}
  m_Children:
  - {fileID: 9190410433785670314}
  - {fileID: 3031744081028041956}
  m_Father: {fileID: 0}
  m_RootOrder: 0
  m_LocalEulerAnglesHint: {x: -90, y: -90.081, z: -12.56}
--- !u!33 &4558038713269413820
MeshFilter:
  m_ObjectHideFlags: 0
  m_CorrespondingSourceObject: {fileID: 0}
  m_PrefabInstance: {fileID: 0}
  m_PrefabAsset: {fileID: 0}
  m_GameObject: {fileID: 1430091062167564467}
  m_Mesh: {fileID: 10202, guid: 0000000000000000e000000000000000, type: 0}
--- !u!23 &1207246780894721605
MeshRenderer:
  m_ObjectHideFlags: 0
  m_CorrespondingSourceObject: {fileID: 0}
  m_PrefabInstance: {fileID: 0}
  m_PrefabAsset: {fileID: 0}
  m_GameObject: {fileID: 1430091062167564467}
  m_Enabled: 1
  m_CastShadows: 1
  m_ReceiveShadows: 1
  m_DynamicOccludee: 1
  m_MotionVectors: 1
  m_LightProbeUsage: 1
  m_ReflectionProbeUsage: 1
  m_RenderingLayerMask: 1
  m_RendererPriority: 0
  m_Materials:
  - {fileID: 2100000, guid: cb7da1e93e85478488b5c67a0df450f3, type: 2}
  m_StaticBatchInfo:
    firstSubMesh: 0
    subMeshCount: 0
  m_StaticBatchRoot: {fileID: 0}
  m_ProbeAnchor: {fileID: 0}
  m_LightProbeVolumeOverride: {fileID: 0}
  m_ScaleInLightmap: 1
  m_PreserveUVs: 0
  m_IgnoreNormalsForChartDetection: 0
  m_ImportantGI: 0
  m_StitchLightmapSeams: 0
  m_SelectedEditorRenderState: 3
  m_MinimumChartSize: 4
  m_AutoUVMaxDistance: 0.5
  m_AutoUVMaxAngle: 89
  m_LightmapParameters: {fileID: 0}
  m_SortingLayerID: 0
  m_SortingLayer: 0
  m_SortingOrder: 0
--- !u!65 &4594698790879325559
BoxCollider:
  m_ObjectHideFlags: 0
  m_CorrespondingSourceObject: {fileID: 0}
  m_PrefabInstance: {fileID: 0}
  m_PrefabAsset: {fileID: 0}
  m_GameObject: {fileID: 1430091062167564467}
  m_Material: {fileID: 0}
  m_IsTrigger: 0
  m_Enabled: 1
  serializedVersion: 2
  m_Size: {x: 1, y: 1, z: 1}
  m_Center: {x: 0, y: 0, z: 0}
--- !u!95 &8654472191257119042
Animator:
  serializedVersion: 3
  m_ObjectHideFlags: 0
  m_CorrespondingSourceObject: {fileID: 0}
  m_PrefabInstance: {fileID: 0}
  m_PrefabAsset: {fileID: 0}
  m_GameObject: {fileID: 1430091062167564467}
  m_Enabled: 1
  m_Avatar: {fileID: 0}
  m_Controller: {fileID: 0}
  m_CullingMode: 0
  m_UpdateMode: 0
  m_ApplyRootMotion: 0
  m_LinearVelocityBlending: 0
  m_WarningMessage: 
  m_HasTransformHierarchy: 1
  m_AllowConstantClipSamplingOptimization: 1
  m_KeepAnimatorControllerStateOnDisable: 0
--- !u!114 &7219382064020689048
MonoBehaviour:
  m_ObjectHideFlags: 0
  m_CorrespondingSourceObject: {fileID: 0}
  m_PrefabInstance: {fileID: 0}
  m_PrefabAsset: {fileID: 0}
  m_GameObject: {fileID: 1430091062167564467}
  m_Enabled: 1
  m_EditorHideFlags: 0
  m_Script: {fileID: 11500000, guid: 3da62de4898c71d4ca7e3a277a9c9b18, type: 3}
  m_Name: 
  m_EditorClassIdentifier: 
  speed: 2500
  movespeed: 10
  target: {fileID: 0}
--- !u!1001 &3720258094670963372
PrefabInstance:
  m_ObjectHideFlags: 0
  serializedVersion: 2
  m_Modification:
    m_TransformParent: {fileID: 5149854186265790552}
    m_Modifications:
    - target: {fileID: 1442861409452478842, guid: a5907245d9d30b24cb11202449c4aa5a,
        type: 3}
      propertyPath: m_Name
      value: swordGlow
      objectReference: {fileID: 0}
    - target: {fileID: 1852079145210850888, guid: a5907245d9d30b24cb11202449c4aa5a,
        type: 3}
      propertyPath: m_LocalPosition.x
      value: 0
      objectReference: {fileID: 0}
    - target: {fileID: 1852079145210850888, guid: a5907245d9d30b24cb11202449c4aa5a,
        type: 3}
      propertyPath: m_LocalPosition.y
      value: 0.45999995
      objectReference: {fileID: 0}
    - target: {fileID: 1852079145210850888, guid: a5907245d9d30b24cb11202449c4aa5a,
        type: 3}
      propertyPath: m_LocalPosition.z
      value: 0
      objectReference: {fileID: 0}
    - target: {fileID: 1852079145210850888, guid: a5907245d9d30b24cb11202449c4aa5a,
        type: 3}
      propertyPath: m_LocalRotation.x
      value: -0
      objectReference: {fileID: 0}
    - target: {fileID: 1852079145210850888, guid: a5907245d9d30b24cb11202449c4aa5a,
        type: 3}
      propertyPath: m_LocalRotation.y
      value: -0
      objectReference: {fileID: 0}
    - target: {fileID: 1852079145210850888, guid: a5907245d9d30b24cb11202449c4aa5a,
        type: 3}
      propertyPath: m_LocalRotation.z
      value: 0.0000000018626449
      objectReference: {fileID: 0}
    - target: {fileID: 1852079145210850888, guid: a5907245d9d30b24cb11202449c4aa5a,
        type: 3}
      propertyPath: m_LocalRotation.w
      value: 1
      objectReference: {fileID: 0}
    - target: {fileID: 1852079145210850888, guid: a5907245d9d30b24cb11202449c4aa5a,
        type: 3}
      propertyPath: m_RootOrder
      value: 1
      objectReference: {fileID: 0}
    - target: {fileID: 1852079145210850888, guid: a5907245d9d30b24cb11202449c4aa5a,
        type: 3}
      propertyPath: m_LocalEulerAnglesHint.x
      value: 0
      objectReference: {fileID: 0}
    - target: {fileID: 1852079145210850888, guid: a5907245d9d30b24cb11202449c4aa5a,
        type: 3}
      propertyPath: m_LocalEulerAnglesHint.y
      value: 0
      objectReference: {fileID: 0}
    - target: {fileID: 1852079145210850888, guid: a5907245d9d30b24cb11202449c4aa5a,
        type: 3}
      propertyPath: m_LocalEulerAnglesHint.z
      value: 0
      objectReference: {fileID: 0}
    m_RemovedComponents: []
  m_SourcePrefab: {fileID: 100100000, guid: a5907245d9d30b24cb11202449c4aa5a, type: 3}
--- !u!4 &3031744081028041956 stripped
Transform:
  m_CorrespondingSourceObject: {fileID: 1852079145210850888, guid: a5907245d9d30b24cb11202449c4aa5a,
    type: 3}
  m_PrefabInstance: {fileID: 3720258094670963372}
  m_PrefabAsset: {fileID: 0}
--- !u!1001 &7365933731345138914
PrefabInstance:
  m_ObjectHideFlags: 0
  serializedVersion: 2
  m_Modification:
    m_TransformParent: {fileID: 5149854186265790552}
    m_Modifications:
    - target: {fileID: 1442861409452478842, guid: a5907245d9d30b24cb11202449c4aa5a,
        type: 3}
      propertyPath: m_Name
      value: swordGlow
      objectReference: {fileID: 0}
    - target: {fileID: 1852079145210850888, guid: a5907245d9d30b24cb11202449c4aa5a,
        type: 3}
      propertyPath: m_LocalPosition.x
      value: 0
      objectReference: {fileID: 0}
    - target: {fileID: 1852079145210850888, guid: a5907245d9d30b24cb11202449c4aa5a,
        type: 3}
      propertyPath: m_LocalPosition.y
      value: -0.5
      objectReference: {fileID: 0}
    - target: {fileID: 1852079145210850888, guid: a5907245d9d30b24cb11202449c4aa5a,
        type: 3}
      propertyPath: m_LocalPosition.z
      value: 0
      objectReference: {fileID: 0}
    - target: {fileID: 1852079145210850888, guid: a5907245d9d30b24cb11202449c4aa5a,
        type: 3}
      propertyPath: m_LocalRotation.x
      value: 0
      objectReference: {fileID: 0}
    - target: {fileID: 1852079145210850888, guid: a5907245d9d30b24cb11202449c4aa5a,
        type: 3}
      propertyPath: m_LocalRotation.y
      value: 0
      objectReference: {fileID: 0}
    - target: {fileID: 1852079145210850888, guid: a5907245d9d30b24cb11202449c4aa5a,
        type: 3}
      propertyPath: m_LocalRotation.z
      value: 0
      objectReference: {fileID: 0}
    - target: {fileID: 1852079145210850888, guid: a5907245d9d30b24cb11202449c4aa5a,
        type: 3}
      propertyPath: m_LocalRotation.w
      value: 1
      objectReference: {fileID: 0}
    - target: {fileID: 1852079145210850888, guid: a5907245d9d30b24cb11202449c4aa5a,
        type: 3}
      propertyPath: m_RootOrder
      value: 0
      objectReference: {fileID: 0}
    - target: {fileID: 1852079145210850888, guid: a5907245d9d30b24cb11202449c4aa5a,
        type: 3}
      propertyPath: m_LocalEulerAnglesHint.x
      value: 0
      objectReference: {fileID: 0}
    - target: {fileID: 1852079145210850888, guid: a5907245d9d30b24cb11202449c4aa5a,
        type: 3}
      propertyPath: m_LocalEulerAnglesHint.y
      value: 0
      objectReference: {fileID: 0}
    - target: {fileID: 1852079145210850888, guid: a5907245d9d30b24cb11202449c4aa5a,
        type: 3}
      propertyPath: m_LocalEulerAnglesHint.z
      value: 0
      objectReference: {fileID: 0}
    m_RemovedComponents: []
  m_SourcePrefab: {fileID: 100100000, guid: a5907245d9d30b24cb11202449c4aa5a, type: 3}
--- !u!4 &9190410433785670314 stripped
Transform:
  m_CorrespondingSourceObject: {fileID: 1852079145210850888, guid: a5907245d9d30b24cb11202449c4aa5a,
    type: 3}
  m_PrefabInstance: {fileID: 7365933731345138914}
  m_PrefabAsset: {fileID: 0}
